<?xml version="1.0" encoding="UTF-8"?><collection xmlns="http://www.loc.gov/MARC21/slim"><record><leader>00333nam--2200133-i-4500</leader><controlfield tag="001">000027588</controlfield><controlfield tag="002">20161230</controlfield><controlfield tag="005">20161230201036</controlfield><controlfield tag="008">060222s1000------------r-----000-0-eng-d</controlfield><datafield ind1=" " ind2=" " tag="080"><subfield code="a">681.3.01</subfield></datafield><datafield ind1=" " ind2=" " tag="100"><subfield code="a">Kostopoulos, George K</subfield></datafield><datafield ind1=" " ind2=" " tag="245"><subfield code="a">Digital engineering</subfield></datafield><datafield ind1=" " ind2=" " tag="260"><subfield code="a">New York, John Wiley &amp; Sons, 1975. Xiii + 508p</subfield></datafield><datafield ind1=" " ind2=" " tag="852"><subfield code="a">45123</subfield></datafield></record></collection>